@inproceedings{velickovic2018graph,
    title={Graph Attention Networks},
    author={Veli{\v{c}}kovi{\'c}, Petar and Cucurull, Guillem and Casanova, Arantxa and Romero, Adriana and Li{\`o}, Pietro and Bengio, Yoshua},
    booktitle={International Conference on Learning Representations (ICLR)},
    year={2018}
}

@article{zitnik2017predicting,
    author = "Zitnik, Marinka and Agrawal, Monica and Leskovec, Jure",
    title = "Predicting Combinatorial Drug Synergy in Multi-dimensional Cancer Immunotherapies with Genomics and Distributed Computing",
    journal = "Pacific Symposium on Biocomputing",
    volume = "22",
    pages = "410--421",
    year = "2017",
    doi = "10.1142/9789813207813_0038",
    url = "https://www.worldscientific.com/doi/abs/10.1142/9789813207813_0038",
}

@inproceedings{hamilton2017inductive,
    title={Inductive Representation Learning on Large Graphs},
    author={Hamilton, William L. and Ying, Rex and Leskovec, Jure},
    booktitle={Advances in Neural Information Processing Systems (NeurIPS)},
    year={2017}
}

@inproceedings{kipf2016semi,
    author = {Kipf, Thomas N. and Welling, Max},
    title = {Semi-Supervised Classification with Graph Convolutional Networks},
    booktitle = {International Conference on Learning Representations},
    year = {2017},
    url = {https://arxiv.org/abs/1609.02907},
}
