@inproceedings{velickovic2018graph,
    title={Graph Attention Networks},
    author={Veli{\v{c}}kovi{\'c}, Petar and Cucurull, Guillem and Casanova, Arantxa and Romero, Adriana and Li{\`o}, Pietro and Bengio, Yoshua},
    booktitle={International Conference on Learning Representations (ICLR)},
    year={2018}
}

@misc{petarvgatgithub,
    author = {Petar Veličković, Guillem Cucurull},
    title = {GAT},
    year = {2018},
    publisher = {GitHub},
    journal = {GitHub repository},
    howpublished = {\url{https://github.com/PetarV-/GAT}}
}

@article{paszke2019pytorch,
    title={PyTorch: An Imperative Style, High-Performance Deep Learning Library},
    author={Paszke, Adam and Gross, Sam and Chintala, Soumith and Chanan, Gregory and Yang, Edward and DeVito, Zachary and Lin, Zeming and Desmaison, Alban and Antiga, Luca and Lerer, Adam},
    journal={Advances in Neural Information Processing Systems},
    volume={32},
    pages={8026--8037},
    year={2019}
}

@inproceedings{sen2008collective,
    title={Collective classification in network data},
    author={Sen, Prithviraj and Namata, Galileo and Bilgic, Mustafa and Getoor, Lise and Galligher, Brian},
    booktitle={AI magazine},
    volume={29},
    number={3},
    pages={93--93},
    year={2008},
    organization={AAAI Press}
}

@article{zitnik2017predicting,
    author = "Zitnik, Marinka and Agrawal, Monica and Leskovec, Jure",
    title = "Predicting Combinatorial Drug Synergy in Multi-dimensional Cancer Immunotherapies with Genomics and Distributed Computing",
    journal = "Pacific Symposium on Biocomputing",
    volume = "22",
    pages = "410--421",
    year = "2017",
    doi = "10.1142/9789813207813_0038",
    url = "https://www.worldscientific.com/doi/abs/10.1142/9789813207813_0038",
}

@inproceedings{hamilton2017inductive,
    title={Inductive Representation Learning on Large Graphs},
    author={Hamilton, William L. and Ying, Rex and Leskovec, Jure},
    booktitle={Advances in Neural Information Processing Systems (NeurIPS)},
    year={2017}
}

@inproceedings{kipf2016semi,
    author = {Kipf, Thomas N. and Welling, Max},
    title = {Semi-Supervised Classification with Graph Convolutional Networks},
    booktitle = {International Conference on Learning Representations},
    year = {2017},
    url = {https://arxiv.org/abs/1609.02907},
}
